<record><leader>00000cas a22000007a 4500</leader><controlfield tag="001">12953651</controlfield><controlfield tag="008">851224d1812181unyuwr ne      0    0eng d</controlfield><datafield ind1=" " ind2=" " tag="010"><subfield code="a">sn 85027089 </subfield></datafield><datafield ind1=" " ind2=" " tag="040"><subfield code="a">NPX</subfield><subfield code="b">eng</subfield><subfield code="c">NPX</subfield><subfield code="d">NYS</subfield><subfield code="d">OCL</subfield><subfield code="d">OCLCQ</subfield><subfield code="d">OCLCG</subfield><subfield code="d">OCLCQ</subfield><subfield code="d">OCLCF</subfield><subfield code="d">OCLCO</subfield></datafield><datafield ind1=" " ind2=" " tag="042"><subfield code="a">msc</subfield></datafield><datafield ind1=" " ind2=" " tag="043"><subfield code="a">n-us-ny</subfield></datafield><datafield ind1="0" ind2=" " tag="130"><subfield code="a">Schenectady gazette (Schenectady, N.Y. : 1812)</subfield></datafield><datafield ind1="1" ind2="0" tag="245"><subfield code="a">Schenectady gazette.</subfield></datafield><datafield ind1=" " ind2=" " tag="260"><subfield code="a">Schenectady [N.Y.] :</subfield><subfield code="b">Ryer Schermerhorn,</subfield><subfield code="c">1812-</subfield></datafield><datafield ind1=" " ind2=" " tag="300"><subfield code="a">v.</subfield></datafield><datafield ind1=" " ind2=" " tag="310"><subfield code="a">Weekly</subfield></datafield><datafield ind1="0" ind2=" " tag="362"><subfield code="a">Vol. 1, no. 1 (July 9, 1812)-</subfield></datafield><datafield ind1=" " ind2=" " tag="500"><subfield code="a">Last issue located: Vol. 1, no. 7 (Aug. 20, 1812). Cf. Brigham, C.S. Amer. newspapers.</subfield></datafield><datafield ind1=" " ind2=" " tag="500"><subfield code="a">"Federal Republican."</subfield></datafield><datafield ind1="4" ind2=" " tag="510"><subfield code="a">Shaw &amp; Shoemaker</subfield><subfield code="c">26699</subfield></datafield><datafield ind1="4" ind2=" " tag="510"><subfield code="a">Brigham, C.S. Amer. newspapers,</subfield><subfield code="c">p. 737</subfield></datafield><datafield ind1=" " ind2="0" tag="651"><subfield code="a">Schenectady (N.Y.)</subfield><subfield code="v">Newspapers.</subfield></datafield><datafield ind1=" " ind2="7" tag="655"><subfield code="a">Newspapers.</subfield><subfield code="2">fast</subfield><subfield code="0">(OCoLC)fst01423814</subfield></datafield><datafield ind1=" " ind2="7" tag="651"><subfield code="a">New York (State)</subfield><subfield code="z">Schenectady.</subfield><subfield code="2">fast</subfield><subfield code="0">(OCoLC)fst01202844</subfield></datafield><datafield ind1="1" ind2=" " tag="700"><subfield code="a">Schermerhorn, Ryer,</subfield><subfield code="d">1785-1850.</subfield></datafield><datafield ind1=" " ind2=" " tag="752"><subfield code="a">United States</subfield><subfield code="b">New York</subfield><subfield code="c">Schenectady</subfield><subfield code="d">Schenectady.</subfield></datafield></record>